%%%%%%%%%%%%%%%%%%%%%%%%% PREPRINTS %%%%%%%%%%%%%%%%%%%%%%%%



@TechReport{2024-Barboni-ResNet,
    title = "Understanding the training of infinitely deep and wide ResNets with Conditional Optimal Transport", 
    author = "R. Barboni and G Peyr{\'é} and F-X. Vialard",
     institution = "arXiv",
     doi = "2403.12887",
     type = "Preprint",
     year = "2024",
     url = {https://arxiv.org/abs/2403.12887},
}


@TechReport{2024-Samaran-scConfluence,
    title = "scConfluence : single-cell diagonal integration with regularized Inverse Optimal Transport on weakly connected features", 
    author = "J. Samaran and G. Peyr{\'e} and L.  Cantini",
     institution = "bioArxiv",
     doi = "10.1101/2024.02.26.582051",
     type = "Preprint",
     year = "2024",
     url = {https://www.biorxiv.org/content/10.1101/2024.02.26.582051},
}

@TechReport{2023-Poon-SRLasso,
    title = "Super-resolved Lasso",
    author = "C. Poon and G. Peyr{\'e}",
     institution = "Arxiv",
     number = "2311.09928",
     type = "Preprint",
     year = "2023",
     url = {https://arxiv.org/abs/2311.09928},
}

@TechReport{2023-Ramzi-traintest,
    title = "Test like you Train in Implicit Deep Learning",
    author = "Z. Ramzi and P. Ablin and G. Peyr{\'e} and T. Moreau",
     institution = "Arxiv",
     number = "2305.15042",
     type = "Preprint",
     year = "2023",
     url = {https://arxiv.org/abs/2305.15042},
}

@TechReport{2020-deBie-MetaFeatures,
    title = "Distribution-Based Invariant Deep Networks for Learning Meta-Features",
    author = "G. De Bie and H. Rakotoarison and G. Peyr{\'e} and M. Sebag",
     institution = "Arxiv",
     number = "2006.13708",
     type = "Preprint",
     year = "2020",
     url = {https://arxiv.org/abs/2006.13708},
}


@TechReport{2019-Sejourne-unbalanced,
    title = "Sinkhorn Divergences for Unbalanced Optimal Transport",
    author = "T. Séjourn{\'e} and J. Feydy and F-X. Vialard and A. Trouvé and G. Peyr{\'e}",
     institution = "Arxiv",
     number = "1910.12958",
     type = "Preprint",
     year = "2019",
     url = {https://arxiv.org/abs/1910.12958},
}

