%%%%%%%%%%%%%%%%%%%%%%%%% CONFERENCES %%%%%%%%%%%%%%%%%%%%%%%%
 
 
%%%%%%%%%%%%%%%%%%%%%%%%%%%%%%%%%%%%%%%%%%%%%%%%%%%%%%%%%%%%%%%%%%%%
%%%%%%%%%%%%%%%%%%%%%%%%%%%%%%% 2016 %%%%%%%%%%%%%%%%%%%%%%%%%%%%%%%
%%%%%%%%%%%%%%%%%%%%%%%%%%%%%%%%%%%%%%%%%%%%%%%%%%%%%%%%%%%%%%%%%%%%

@inproceedings{2016-peyre-icml,
    title = "Gromov-Wasserstein Averaging of Kernel and Distance Matrices",
    author = "G. Peyr{\'e} and  M. Cuturi and J. Solomon",
	booktitle = "Proc. ICML'16",
	url = {https://hal.archives-ouvertes.fr/hal-01322992},
     year = "2016",
}


@inproceedings{2016-rolet-aistats,
    title = "Fast Dictionary Learning with a Smoothed Wasserstein Loss",
    author = "A. Rolet and  M. Cuturi and G. Peyr{\'e}",
	booktitle = "Proc. AISTATS'16",
	pages = "630--638",
	url = {http://jmlr.org/proceedings/papers/v51/rolet16.html},
     year = "2016",
}


%%%%%%%%%%%%%%%%%%%%%%%%%%%%%%%%%%%%%%%%%%%%%%%%%%%%%%%%%%%%%%%%%%%%
%%%%%%%%%%%%%%%%%%%%%%%%%%%%%%% 2015 %%%%%%%%%%%%%%%%%%%%%%%%%%%%%%%
%%%%%%%%%%%%%%%%%%%%%%%%%%%%%%%%%%%%%%%%%%%%%%%%%%%%%%%%%%%%%%%%%%%%


@inproceedings{2015-vacher-nips,
    title = "Biologically Inspired Dynamic Textures for Probing Motion Perception",
    author = "J. Vacher and  A. I. Meso and G. Peyr{\'e} and L. Perrinet",
	booktitle = "Proc. NIPS'15",
	pages = "1909--1917", 
	url = {https://hal.archives-ouvertes.fr/hal-01225867},
     year = "2015",
}


@inproceedings{2015-Duval-NDSC,
    title = "The Non Degenerate Source Condition: Support Robustness for Discrete and Continuous Sparse Deconvolution",
    author = "V. Duval and G. Peyr{\'e}",
	booktitle = "Proc. IEEE CAMSAP'15",
	doi = "10.1109/CAMSAP.2015.7383733", 
	pages = "49--52", 
	url = {https://hal.inria.fr/hal-01169371},
     year = "2015",
}


@inproceedings{2015-Gramfort-OTNeuro,
    title = "Fast Optimal Transport Averaging of Neuroimaging Data",
    author = "A. Gramfort and G. Peyr{\'e} and M. Cuturi",
	booktitle = "Proc. IPMI'15",
	pages="261--272",
	isbn="978-3-319-19992-4",
	doi="10.1007/978-3-319-19992-4_20",
	url = {https://hal.archives-ouvertes.fr/hal-01135198},
     year = "2015",
}

@inproceedings{2015-Liang-DR,
    title = "Activity Identification and Local Linear Convergence of Douglas-Rachford/ADMM under Partial Smoothness",
    author = "J. Liang and J. Fadili and G. Peyr{\'e} and R. Luke",
	booktitle = "Proc. SSVM'15",
	pages = "642--653",
	isbn = "978-3-319-18461-6",
	doi = "10.1007/978-3-319-18461-6_51",
	publisher="Springer International Publishing",
     year = "2015",
     url = {http://www.optimization-online.org/DB_HTML/2014/12/4703.html},
}


%%%%%%%%%%%%%%%%%%%%%%%%%%%%%%%%%%%%%%%%%%%%%%%%%%%%%%%%%%%%%%%%%%%%
%%%%%%%%%%%%%%%%%%%%%%%%%%%%%%% 2014 %%%%%%%%%%%%%%%%%%%%%%%%%%%%%%%
%%%%%%%%%%%%%%%%%%%%%%%%%%%%%%%%%%%%%%%%%%%%%%%%%%%%%%%%%%%%%%%%%%%%

@inproceedings{2014-Liang-LinConvFB,
    title = "Local Linear Convergence of Forward-Backward under Partial Smoothness",
    author = "J. Liang and J. Fadili and G. Peyr{\'e}",
	booktitle = "Proc. NIPS'14",
    Pages = "1970--1978", 
     year = "2014",
     url = {http://arxiv.org/abs/1407.5611},
}

@inproceedings{2014-Liang-ICIP,
    title = "On the convergence rates of proximal splitting algorithms",
    author = "J. Liang and J. Fadili and G. Peyr{\'e}",
     booktitle = "Proc. ICIP'14",
	pages = "4146--4150",
	doi = "10.1109/ICIP.2014.7025842",
     year = "2014",
     url = {http://arxiv.org/abs/1404.4837},
}

@inproceedings{2014-Liang-ICASSP,
    title = "Iteration-Complexity of a Generalized Forward Backward Splitting Algorithm",
   	author = "J. Liang and J. Fadili and G. Peyr{\'e}",
     booktitle = "Proc. ICASSP'14",
     year = "2014",
     url = {http://arxiv.org/abs/1310.6636},
}


%%%%%%%%%%%%%%%%%%%%%%%%%%%%%%%%%%%%%%%%%%%%%%%%%%%%%%%%%%%%%%%%%%%%
%%%%%%%%%%%%%%%%%%%%%%%%%%%%%%% 2013 %%%%%%%%%%%%%%%%%%%%%%%%%%%%%%%
%%%%%%%%%%%%%%%%%%%%%%%%%%%%%%%%%%%%%%%%%%%%%%%%%%%%%%%%%%%%%%%%%%%%

@inproceedings{2013-spars-score,
    title = "Stein COnsistent Risk Estimator (SCORE) for hard thresholding",
   	author = "C. Deledalle and G. Peyr{\'e} and J. Fadili",
     booktitle = "Proc. SPARS'13",
     year = "2013",
     url = {http://hal.archives-ouvertes.fr/hal-00776303},
}

@inproceedings{2013-sampta-decomposable,
    title = "Stable Recovery with Analysis Decomposable Priors",
   	author = "J. Fadili and G. Peyr{\'e} and S. Vaiter and C. Deledalle and J. Salmon",
     booktitle = "Proc. Sampta'13",
     year = "2013",
	pages = "113--116",
     url = {http://arxiv.org/abs/1304.4407},
}


@inproceedings{2013-sampta-polyhedral,
    title = "Robust Polyhedral Regularization",
   	author = "S. Vaiter  and G. Peyr{\'e} and J. Fadili",
     booktitle = "Proc. Sampta'13",
	pages = "156--159",
     year = "2013",
     url = {http://hal.archives-ouvertes.fr/hal-00816377},
}


@inproceedings{2013-ssvm-mixing,
    title = "Static and Dynamic Texture Mixing Using Optimal Transport",
   	author = "S. Ferradans and G-S. Xia  and G. Peyr{\'e} and J-F. Aujol",
     booktitle = "Proc. SSVM'13",
     year = "2013",
     url = {http://hal.archives-ouvertes.fr/hal-00662720},
	pages={137--148},
	doi={10.1007/978-3-642-38267-3_12},
	booktitle={Scale Space and Variational Methods in Computer Vision},
	volume={7893},
	series={Lecture Notes in Computer Science},
	publisher={Springer Berlin Heidelberg},
}

@inproceedings{2013-ssvm-sparse-synthesis,
    title = "Constrained Sparse Texture Synthesis",
   	author = "G. Tartavel and Y. Gousseau and G. Peyr{\'e}",
     booktitle = "Proc. SSVM'13",
     year = "2013",
     url = {http://hal.archives-ouvertes.fr/hal-00798570/},
	isbn={978-3-642-38266-6},
	booktitle={Scale Space and Variational Methods in Computer Vision},
	volume={7893},
	series={Lecture Notes in Computer Science},
	editor={Kuijper, Arjan and Bredies, Kristian and Pock, Thomas and Bischof, Horst},
	doi={10.1007/978-3-642-38267-3_16},
	publisher={Springer Berlin Heidelberg},
	pages={186-197},
}

@inproceedings{2013-ssvm-regul-ot,
    title = "Regularized Discrete Optimal Transport",
   	author = "S. Ferradans and N. Papadakis and G. Peyr{\'e} and J-F. Aujol",
     booktitle = "Proc. SSVM'13",
     year = "2013",
	isbn={978-3-642-38266-6},
	booktitle={Scale Space and Variational Methods in Computer Vision},
	volume={7893},
	series={Lecture Notes in Computer Science},
	editor={Kuijper, Arjan and Bredies, Kristian and Pock, Thomas and Bischof, Horst},
	doi={10.1007/978-3-642-38267-3_36},
	url = {http://hal.inria.fr/hal-00797078/},
	publisher={Springer Berlin Heidelberg},
	pages={428--439},
}


%%%%%%%%%%%%%%%%%%%%%%%%%%%%%%%%%%%%%%%%%%%%%%%%%%%%%%%%%%%%%%%%%%%%
%%%%%%%%%%%%%%%%%%%%%%%%%%%%%%% 2012 %%%%%%%%%%%%%%%%%%%%%%%%%%%%%%%
%%%%%%%%%%%%%%%%%%%%%%%%%%%%%%%%%%%%%%%%%%%%%%%%%%%%%%%%%%%%%%%%%%%%

@inproceedings{2012-icml-spectral,
    title = "Risk estimation for matrix recovery with spectral regularization",
   	author = "C. Deledalle and S. Vaiter and G. Peyr{\'e} and J. Fadili and C. Dossal",
     booktitle = "Proc. ICML'12 Workshops",
     year = "2012",
     url = {http://hal.archives-ouvertes.fr/hal-00695326/},
}

@inproceedings{2012-icml-glasso,
    title = "Degrees of Freedom of the Group Lasso",
   	author = "S. Vaiter and C. Deledalle and G. Peyr{\'e} and J. Fadili and C. Dossal",
     booktitle = "Proc. ICML'12 Workshops",
     year = "2012",
     url = {http://hal.archives-ouvertes.fr/hal-00695292/},
}

@inproceedings{2012-ncmip-proxiter,
    title = "Proximal Splitting Derivatives for Risk Estimation",
   	author = "C. Deledalle and S. Vaiter and G. Peyr{\'e} and J. Fadili and C. Dossal",
     booktitle = "Proc. NCMIP'12",
     year = "2012",
     url = {http://hal.archives-ouvertes.fr/hal-00670213},
}

@inproceedings{2012-icip-wasserstein-rbac,
    title = "Wasserstein Active Contours",
   	author = "G. Peyr{\'e} and J. Fadili and J. Rabin",
     year = "2012",
     booktitle = "Proc. ICIP'12",
     pages = "2541--2544", 
     doi = {10.1109/ICIP.2012.6467416}, 
	ISSN = {1522-4880}, 
     url = {http://hal.archives-ouvertes.fr/hal-00593424/},
}
@inproceedings{2012-icip-lassosure,
    title = "Unbiased Risk Estimation for Sparse Analysis Regularization",
   	author = "C. Deledalle and S. Vaiter and G. Peyr{\'e} and J. Fadili and C. Dossal",
     year = "2012",
     booktitle = "Proc. ICIP'12",
     pages = {3053--3056}, 
     doi = {10.1109/ICIP.2012.6467544}, 
	 ISSN = {1522-4880}, 
     url = {http://hal.archives-ouvertes.fr/hal-00662718},
}

@inproceedings{2012-icip-dyntex,
    title = "Compact Representations of Stationary Dynamic Textures",
   	author = "G-S. Xia  and S. Ferradans and G. Peyr{\'e} and J-F. Aujol",
     year = "2012",
     booktitle = "Proc. ICIP'12",
     pages = {2993--2996}, 
     doi = {10.1109/ICIP.2012.6467529}, 
	 ISSN = {1522-4880}, 
     url = {http://hal.archives-ouvertes.fr/hal-00662719},
}

%%%%%%%%%%%%%%%%%%%%%%%%%%%%%%%%%%%%%%%%%%%%%%%%%%%%%%%%%%%%%%%%%%%%
%%%%%%%%%%%%%%%%%%%%%%%%%%%%%%% 2011 %%%%%%%%%%%%%%%%%%%%%%%%%%%%%%%
%%%%%%%%%%%%%%%%%%%%%%%%%%%%%%%%%%%%%%%%%%%%%%%%%%%%%%%%%%%%%%%%%%%%

@inproceedings{2011-spars-dof,
    title = "The degrees of freedom of the Lasso in underdetermined linear regression models",
   author = "M. Kachour and C. Dossal and J. Fadili and G. Peyr{\'e} and C. Chesneau",
     booktitle = "Proc. SPARS 2011",
     year = "2011",
     url = {http://hal.archives-ouvertes.fr/hal-00625219},
}

@inproceedings{2011-eusipco-tree,
    title = "Adaptive Structured Block Sparsity Via Dyadic Partitioning",
   author = "G. Peyr{\'e} and J. Fadili and C. Chesneau",
     booktitle = "Proc. EUSIPCO 2011",
     pages = "1455--1459",
     year = "2011",
     url = {http://hal.archives-ouvertes.fr/hal-00597772},
}

@inproceedings{2011-eusipco-overlap,
    title = "Group Sparsity with Overlapping Partition Functions",
   author = "G. Peyr{\'e} and J. Fadili",
     booktitle = "Proc. EUSIPCO 2011",
     year = "2011",
 	pages = "303--307",
     url = {http://hal.archives-ouvertes.fr/hal-00597771},
}

@inproceedings{jung-emmcvpr-11,
    title = "Texture Segmentation via Non-local Non-parametric Active Contours",
   author = "M. Jung and G. Peyr{\'e} and L. D. Cohen",
     booktitle = "Proc. EMMCVPR 2011",
     volume = "6819/2011",
     pages = "74--88",
     doi = "10.1007/978-3-642-23094-3_6",
     year = "2011",
     url = {http://hal.archives-ouvertes.fr/hal-00598164},
}

@inproceedings{schmidt-waves-11,
    title = "Dissipative Wave Model Fitting Using Localized Sources",
   author = "N. Schmidt and G. Peyr{\'e} and Y. Fregnac",
     booktitle = "Proc. Waves 2011",
     pages = "473--476",
     year = "2011",
     url = {http://hal.archives-ouvertes.fr/hal-00570685},
}

@inproceedings{jung-icip-11,
    title = "Non-local Segmentation and Inpainting",
   author = "M. Jung and G. Peyr{\'e} and L. D. Cohen",
     booktitle = "Proc. ICIP'11",
     year = "2011",
	doi = "10.1109/ICIP.2011.6116432",
	page = "3373--3377",
	isbn = "978-1-4577-1304-0",
     url = {http://hal.archives-ouvertes.fr/hal-0059128},
}

@inproceedings{rabin-icip-11,
    title = "Wasserstein Regularization of Imaging Problem",
   author = "J. Rabin and G. Peyr{\'e}",
     booktitle = "Proc. ICIP'11",
     year = "2011",
	pages = "1541--1544",
	doi = "10.1109/ICIP.2011.6115740",
	isbn = "978-1-4577-1304-0",
     url = {http://hal.archives-ouvertes.fr/hal-00591279},
}


@inproceedings{jung-ssvm-11,
    title = "Non-local Active Contours",
   author = "M. Jung and G. Peyr{\'e} and L. D. Cohen",
     booktitle = "LNCS, Proc. SSVM'11",
	publisher = "Springer",
     year = "2011",
	volume = 6667,
	doi = "10.1007/978-3-642-24785-9",
	pages = "255--266",
     url = {http://hal.archives-ouvertes.fr/hal-00591281},
}

@inproceedings{rabin-ssvm-11,
    title = "Wassertein Barycenter and its Applications to Texture Mixing",
   author = "J. Rabin and G. Peyr{\'e} and J. Delon and M. Bernot",
     booktitle = "LNCS, Proc. SSVM'11",
	publisher = "Springer",
     year = "2011",
	volume = 6667,
	doi = "10.1007/978-3-642-24785-9",
	pages = "435--446",
     url = {http://hal.archives-ouvertes.fr/hal-00476064/},
}


@inproceedings{peyre-sampta-11,
    title = "Learning Analysis Sparsity Priors",
   author = "G. Peyr{\'e} and J. Fadili",
     booktitle = "Proc. of Sampta'11",
     year = "2011",
     url = {http://hal.archives-ouvertes.fr/hal-00542016/},
}

%%%%%%%%%%%%%%%%%%%%%%%%%%%%%%%%%%%%%%%%%%%%%%%%%%%%%%%%%%%%%%%%%%%%
%%%%%%%%%%%%%%%%%%%%%%%%%%%%%%% 2010 %%%%%%%%%%%%%%%%%%%%%%%%%%%%%%%
%%%%%%%%%%%%%%%%%%%%%%%%%%%%%%%%%%%%%%%%%%%%%%%%%%%%%%%%%%%%%%%%%%%%

@inproceedings{peyre-eccv10-shapes,
    title = "Geodesic Shapes and Surfaces Retrieval via Optimal Mass Transport",
   author = "J. Rabin and G. Peyr{\'e} and L. D. Cohen",
     booktitle = "Proc. of ECCV'10",
     year = "2010",
	 pages = {771--784},
	 numpages = {14},
	 publisher = {Springer-Verlag},
     url = {http://hal.archives-ouvertes.fr/hal-00498607/},

}

@inproceedings{oleskiw-cvpr-10,
    title = "On Growth and Formlets: Sparse Multi-Scale Coding of Planar Shape",
   author = "T. Oleskiw and G. Peyr{\'e} and J. Elder",
     booktitle = "Proc. of CVPR'10",
  	publisher = {IEEE},
     month = jun,
     year = 2010,
     pages = "459--466",
     url = {http://hal.archives-ouvertes.fr/hal-00470560/},
}

@inproceedings{schmidt-isbi-10,
    title = "Separation of Traveling Waves in Cortical Networks Using Optical Imaging",
   author = "N. Schmidt and G. Peyr{\'e} and Y. Fregnac and P. E. Roland",
     booktitle = "Proc. of ISBI'10",
     month = apr,
     year = 2010,
	 pages = {868--871},
	 publisher = {IEEE Press},
	 location = {Rotterdam, Netherlands},
     url = {http://hal.archives-ouvertes.fr/hal-00450733/},

}

%%%%%%%%%%%%%%%%%%%%%%%%%%%%%%%%%%%%%%%%%%%%%%%%%%%%%%%%%%%%%%%%%%%%
%%%%%%%%%%%%%%%%%%%%%%%%%%%%%%% 2009 %%%%%%%%%%%%%%%%%%%%%%%%%%%%%%%
%%%%%%%%%%%%%%%%%%%%%%%%%%%%%%%%%%%%%%%%%%%%%%%%%%%%%%%%%%%%%%%%%%%%

@inproceedings{ouarti-icip-09,
    title = "Best Basis Denoising with Non-stationary Wavelet Packets",
   author = "N. Ouarti and G. Peyr{\'e}",
     booktitle = "Proc. of ICIP'09",
     pages = "3825--3828",
     month = nov,
     year = 2009,
	doi = "10.1109/ICIP.2009.5414264",
     url = {http://hal.archives-ouvertes.fr/hal-00410869/},
}

@inproceedings{peyre-fadili-icip-09,
    title = "Total Variation Projection with First Order Schemes",
   author = "J. Fadili and G. Peyr{\'e}",
     booktitle = "Proc. of ICIP'09",
     pages = "1325--1328",
     month = nov,
     year = 2009,
	doi = "10.1109/ICIP.2009.5413571",
     url = {http://hal.archives-ouvertes.fr/hal-00401251/}
}

@inproceedings{peyre-itw-09,
    title = "Challenging Restricted Isometry Constants with Greedy Pursuit",
   author = "C. Dossal and G. Peyr{\'e} and J. Fadili",
     booktitle = "Proc. of ITW'09",
     isbn = "978-1-4244-4982-8",
     pages = "475--479",
     month = oct,
     year = 2009,
	doi = "10.1109/ITW.2009.5351423",
     url = {http://hal.archives-ouvertes.fr/hal-00373450/},
}

@inproceedings{peyre-iccv-09,
    title = "Image Compression with Anisotropic Geodesic Triangulations",
   author = "S. Bougleux and G. Peyr{\'e} and L. D. Cohen",
     booktitle = "Proc. of ICCV'09",
     month = oct,
     year = 2009,
     pages = "2343--2348",
     url = {http://hal.archives-ouvertes.fr/hal-00366933/},

}

@inproceedings{peyre-emmcvpr-09,
    title = "Locally Parallel Textures Modeling with Adapted Hilbert Spaces",
   author = "P. Maurel and J-F. Aujol and G. Peyr{\'e}",
     booktitle = "Proc. of EMMCVPR'09",
     publisher = "Springer LNCS",
     volume = "5681/2009",
     pages = "429--442",
     month = sep,
     year = 2009,
	doi = "10.1007/978-3-642-03641-5_32",
     url = {http://hal.archives-ouvertes.fr/hal-00392270/},

}

@inproceedings{peyre-cvpr-09,
        AUTHOR = "M. Pechaud and G. Peyr{\'e} and R. Keriven",
        TITLE = "Extraction of Tubular Structures over an Orientation Domain",
        BOOKTITLE = "Proc. of CVPR'09",
	  	publisher = {IEEE},
        doi = "10.1109/CVPR.2009.5206782",
        pages = "336--342",
        YEAR = "2009",
	     url = {http://hal.archives-ouvertes.fr/hal-00365599/},
}

@inproceedings{peyre-spars-09,
        AUTHOR = "C. Dossal and G. Peyr{\'e} and J. Fadili",
        TITLE = "A Numerical Exploration of Compressed Sampling Recovery",
        BOOKTITLE = "Proc. of SPARS'09",
        YEAR = "2009",
	     url = {http://hal.archives-ouvertes.fr/hal-00365028/},
}

@InProceedings{peyre-mapmo-09,
  author =	"G. Peyr{\'e}",
  title =	"Dynamic Texture Synthesis with Grouplets",
  booktitle =	"Proc. of MAPMO",
  year = 	"2009",
  pages =	"103--117",
   url = {http://hal.archives-ouvertes.fr/hal-00365956/},
}

%%%%%%%%%%%%%%%%%%%%%%%%%%%%%%%%%%%%%%%%%%%%%%%%%%%%%%%%%%%%%%%%%%%%
%%%%%%%%%%%%%%%%%%%%%%%%%%%%%%% 2008 %%%%%%%%%%%%%%%%%%%%%%%%%%%%%%%
%%%%%%%%%%%%%%%%%%%%%%%%%%%%%%%%%%%%%%%%%%%%%%%%%%%%%%%%%%%%%%%%%%%%

@InProceedings{peyre-eccv-aniso-08,
  title =	"Anisotropic Geodesics for Perceptual Grouping and
		 Domain Meshing",
  author =	"S. Bougleux and G. Peyr{\'e} and L. D. Cohen",
  booktitle =	"Proc. of ECCV'08",
  publisher =	"Springer",
  year = 	"2008",
  volume =	"5303",
  editor =	"D. A. Forsyth and P. H. S. Torr and A.
		 Zisserman",
  pages =	"129--142",
	doi = "10.1007/978-3-540-88688-4_10",
  series =	"Lecture Notes in Computer Science",
   url = {http://hal.archives-ouvertes.fr/hal-00360797/},

}

@InProceedings{peyre-eccv-nonlocal-08,
  title =	"Non-local Regularization of Inverse Problems",
  author =	"G. Peyr{\'e} and S. Bougleux and
		 L. D. Cohen",
  booktitle =	"Proc. of ECCV'08",
  publisher =	"Springer",
  year = 	"2008",
  volume =	"5304",
  editor =	"D. A. Forsyth and P. H. S. Torr and A.
		 Zisserman",
  pages =	"57--68",
	doi = "10.1007/978-3-540-88690-7_5",
  series =	"Lecture Notes in Computer Science",
   url = {http://hal.archives-ouvertes.fr/hal-00365030/},

}

@InProceedings{peyre-i3s-08,
  author =	"A. Ion and N. M. Artner and G. Peyr{\'e} and S. B. L.
		 Marmol and W. G. Kropatsch and L. D. Cohen",
  title =	"3D shape matching by geodesic eccentricity",
  booktitle =	"Proc. Computer Vision and Pattern Recognition Workshops",
  year = 	"2008",
  pages =	"1--8",
 doi = "10.1109/CVPRW.2008.4563032",
   url = {http://hal.archives-ouvertes.fr/hal-00419826/},
}


%%%%%%%%%%%%%%%%%%%%%%%%%%%%%%%%%%%%%%%%%%%%%%%%%%%%%%%%%%%%%%%%%%%%
%%%%%%%%%%%%%%%%%%%%%%%%%%%%%%% 2007 %%%%%%%%%%%%%%%%%%%%%%%%%%%%%%%
%%%%%%%%%%%%%%%%%%%%%%%%%%%%%%%%%%%%%%%%%%%%%%%%%%%%%%%%%%%%%%%%%%%%

@InProceedings{peyre-spi-mca-07,
  title =	"Learning Adapted Dictionaries for Geometry and Texture Separation",
  author =	"G. Peyr{\'e} and J. Fadili and J-L. Starck",
  booktitle =	"Proc. of SPIE Wavelet XII",
  volume = 6701,
  pages = "67011T",
    year = 	"2007",
     url = {http://hal.archives-ouvertes.fr/hal-00365601/},
     doi = "10.1117/12.731244",

}

@InProceedings{peyre-spie-band-07,
  title =	"Geometric Estimation with Orthogonal Bandlet Bases",
  author =	"G. Peyr{\'e} and E. LePennec and C. Dossal and S. Mallat",
  booktitle =	"Proc. of SPIE Wavelet XII",
  pages = "67010M.1--67010M.10",
    year = 	"2007",
     url = {http://hal.archives-ouvertes.fr/hal-00365606/},
}

@InProceedings{peyre-oagm-07,
  title =	"Shape Matching Using the Geodesic Eccentricity Transform - A Study",
  author =	"A. Ion and G. Peyr{\'e} and Y. Haxhimusa and S. Peltier and W. G. Kropatsch and L. D. Cohen",
  booktitle =	"Proc. of OAGM'07",
   year = 	"2007",
    url = {http://hal.archives-ouvertes.fr/hal-00365897/},

}

@InProceedings{peyre-ssvm-sparsemod-07,
  title =	"Non-negative Sparse Modeling of Textures",
  author =	"G. Peyr{\'e}",
  booktitle =	"Proc. of SSVM'07",
  publisher =	"Springer",
  year = 	"2007",
  volume =	"4485",
  editor =	"F. Sgallari and A. Murli and N. Paragios",
  pages =	"628--639",
  series =	"Lecture Notes in Computer Science",
   url = {http://hal.archives-ouvertes.fr/hal-00365608/},

}

@InProceedings{peyre-ssvm-cs-07,
  title =	"Best Basis Compressed Sensing",
  author =	"G. Peyr{\'e}",
  booktitle =	"Proc. of SSVM'07",
  editor =	"F. Sgallari and A. Murli and N. Paragios",
  publisher =	"Springer",
  year = 	"2007",
  volume =	"4485",
  ISBN = 	"978-3-540-72822-1",
  pages =	"80--91",
  series =	"Lecture Notes in Computer Science",
   url = {http://hal.archives-ouvertes.fr/hal-00365607/},

}


@InProceedings{peyre-ssvm-texsynth-07,
  title =	"Texture Synthesis and Modification with a Patch-Valued
		 Wavelet Transform",
  author =	"G. Peyr{\'e}",
  booktitle =	"Proc. of SSVM'07",
  publisher =	"Springer",
  year = 	"2007",
  volume =	"4485",
  editor =	"F. Sgallari and A. Murli and N. Paragios",
  pages =	"640--651",
  series =	"Lecture Notes in Computer Science",
   url = {http://hal.archives-ouvertes.fr/hal-00365612/},

}


%%%%%%%%%%%%%%%%%%%%%%%%%%%%%%%%%%%%%%%%%%%%%%%%%%%%%%%%%%%%%%%%%%%%
%%%%%%%%%%%%%%%%%%%%%%%%%%%%%%% 2006 %%%%%%%%%%%%%%%%%%%%%%%%%%%%%%%
%%%%%%%%%%%%%%%%%%%%%%%%%%%%%%%%%%%%%%%%%%%%%%%%%%%%%%%%%%%%%%%%%%%%

@InProceedings{peyre-neurocomp-06,
  title =	"Random Sensing of Geometric Images",
  author =	"G. Peyr{\'e}",
  booktitle =	"Neurocomp'06",
  year = 	"2006",
  pages =	"91--94",
  url = {http://hal.archives-ouvertes.fr/hal-00365628/},
}


@InProceedings{peyre-cvpr-06,
  title =	"Landmark-Based Geodesic Computation for Heuristically Driven Path Planning",
  author =	"G. Peyr{\'e} and L. D. Cohen",
  publisher =	"IEEE Computer Society",
  year = 	"2006",
  booktitle =	"Proc. of CVPR'06",
  pages =	"2229--2236",
   url = {http://hal.archives-ouvertes.fr/hal-00365622/},
}


%%%%%%%%%%%%%%%%%%%%%%%%%%%%%%%%%%%%%%%%%%%%%%%%%%%%%%%%%%%%%%%%%%%%
%%%%%%%%%%%%%%%%%%%%%%%%%%%%%%% 2005 %%%%%%%%%%%%%%%%%%%%%%%%%%%%%%%
%%%%%%%%%%%%%%%%%%%%%%%%%%%%%%%%%%%%%%%%%%%%%%%%%%%%%%%%%%%%%%%%%%%%

@InProceedings{peyre-ssvm-05,
  title =	"Heuristically Driven Front Propagation for Geodesic Paths Extraction",
  author =	"G. Peyr{\'e} and L. D. Cohen",
  booktitle =	"Proc. of VLSM'05",
  publisher =	"Springer",
  year = 	"2005",
  volume =	"3752",
  editor =	"N. Paragios and O. D. Faugeras and T. Chan
		 and C. Schnorr",
  pages =	"173--185",
  series =	"Lecture Notes in Computer Science",
   url = {http://hal.archives-ouvertes.fr/hal-00365623/},
}

@InProceedings{peyre-cvpr-05,
  title =	"Geodesic Computation for Adaptive Remeshing",
  author =	"G. Peyr{\'e} and L. D. Cohen",
  publisher =	"IEEE Computer Society",
  year = 	"2005",
  booktitle =	"Proc. of CVPR'05 (video)",
  pages =	"1193",
   url = {http://www.ceremade.dauphine.fr/~peyre/geodesic_computations/},
}


%%%%%%%%%%%%%%%%%%%%%%%%%%%%%%%%%%%%%%%%%%%%%%%%%%%%%%%%%%%%%%%%%%%%
%%%%%%%%%%%%%%%%%%%%%%%%%%%%%%% 2004 %%%%%%%%%%%%%%%%%%%%%%%%%%%%%%%
%%%%%%%%%%%%%%%%%%%%%%%%%%%%%%%%%%%%%%%%%%%%%%%%%%%%%%%%%%%%%%%%%%%%

@InProceedings{peyre-3dpvt-04,
  title =	"Surface Segmentation Using Geodesic Centroidal
		 Tesselation",
  author =	"G. Peyr{\'e} and L. D. Cohen",
  publisher =	"IEEE Computer Society",
  year = 	"2004",
  booktitle =	"Proc. of 3DPVT'04",
  pages =	"995--1002",
   url = {http://hal.archives-ouvertes.fr/hal-00365625/},
}


@InProceedings{peyre-icip-04,
  title =	"Discrete bandelets with geometric orthogonal filters",
  author =	"G. Peyr{\'e} and S. Mallat",
  year = 	"2005",
  booktitle =	"Proc. of ICIP'05",
  pages =	"65--68",
   url = {http://hal.archives-ouvertes.fr/hal-00365624/},
}

%%%%%%%%%%%%%%%%%%%%%%%%%%%%%%%%%%%%%%%%%%%%%%%%%%%%%%%%%%%%%%%%%%%%
%%%%%%%%%%%%%%%%%%%%%%%%%%%%%%% 2003 %%%%%%%%%%%%%%%%%%%%%%%%%%%%%%%
%%%%%%%%%%%%%%%%%%%%%%%%%%%%%%%%%%%%%%%%%%%%%%%%%%%%%%%%%%%%%%%%%%%%

@InProceedings{peyre-ssvm-03,
  author =	"G. Peyr{\'e} and L. D. Cohen",
  title =	"Geodesic re-meshing and parameterization using front propagation",
  booktitle =	"Proc. of VLSM'03",
  year = 	"2003",
  pages =	"33--40",
   url = {http://hal.archives-ouvertes.fr/hal-00365627/},
}
