%%% Conferences FR %%%

@InProceedings{peyre-gretsi-apriori-11,
  title =	"Apprentissage d'a priori analyse",
  author =	"G. Peyr{\'e} and J. Fadili",
  booktitle =	"Gretsi'11",
  year = 	"2011",
  url = {http://hal.archives-ouvertes.fr/hal-00744810/},
}

@InProceedings{peyre-gretsi-dyadic-11,
  title =	"Parcimonie Adaptative Structuree par Blocs Dyadiques",
  author =	"G. Peyr{\'e} and J. Fadili and C. Chesneau",
  booktitle =	"Gretsi'11",
  year = 	"2011",
  url = {http://hal.archives-ouvertes.fr/hal-00744811/},
}

@InProceedings{rabin-gretsi-wasserregul-11,
  title =	"Regularisation de Wasserstein et Application au Transfert de Couleur",
  author =	"J. Rabin and G. Peyr{\'e}",
  booktitle =	"Gretsi'11",
  year = 	"2011",
  url = {http://hal.archives-ouvertes.fr/hal-00744813/},
}

@InProceedings{peyre-gretsi-synthese-11,
  title =	"Synthese de textures par transport optimal",
  author =	"G. Peyr{\'e} and J. Rabin",
  booktitle =	"Gretsi'11",
  year = 	"2011",
  url = {http://hal.archives-ouvertes.fr/hal-00744812/},
}

@InProceedings{peyre-gretsi-tvproj-09,
  title =	"Algorithmes de premier ordre pour la projection sur une contrainte de variation totale",
  author =	"G. Peyr{\'e} and J. Fadili",
  booktitle =	"Gretsi'09",
  month = oct,
  year = 	"2009",
  url = {http://hal.archives-ouvertes.fr/hal-00385681/},
  comment = {http://www.ceremade.dauphine.fr/~peyre/download/tv-projection.zip},
 }

@InProceedings{peyre-gretsi-tvhilbert-09,
  title =	"Extraction de textures localement paralleles par un espace de Hilbert adapte",
  author =	"P. Maurel and J-F. Aujol and G. Peyr{\'e}",
  booktitle =	"Gretsi'09",
  month = oct,
  year = 	"2009",
  url = {http://hal.archives-ouvertes.fr/hal-00392267/},
}
@InProceedings{peyre-gretsi-triangulation-09,
  title =	"Compression d'images par triangulations geodesiques anisotropes",
  author =	"S. Bougleux and G. Peyr{\'e} and L. D. Cohen",
  booktitle =	"Gretsi'09",
  month = oct,
  year = 	"2009",
  url = {http://hal.archives-ouvertes.fr/hal-00385265/},
}
@InProceedings{peyre-gretsi-cs-09,
  title =	"Une exploration numerique des performances de l'echantillonage compresse",
  author =	"C. Dossal and G. Peyr{\'e} and J. Fadili",
  booktitle =	"Gretsi'09",
  month = oct,
  year = 	"2009",
  url = {http://hal.archives-ouvertes.fr/hal-00385018/},
 }


@InProceedings{peyre-gretsi-l1-07,
  title =	"Crit{\`e}re d'identifiabilite pour la minimisation L1",
  author =	"C. Dossal and G. Peyr{\'e}",
  booktitle =	"Gretsi'07",
  year = 	"2007",
  url = {http://hal.archives-ouvertes.fr/hal-00365959/},
}

@InProceedings{peyre-gretsi-learning-07,
  title =	"Apprentissage de dictionnaires parcimonieux adaptes pour la separation d'images",
  author =	"G. Peyr{\'e} and J. Fadili and J-L. Starck",
  booktitle =	"Gretsi'07",
  year = 	"2007",
  url = {http://hal.archives-ouvertes.fr/hal-00365967/},
}

@InProceedings{peyre-gretsi-band-07,
  title =	"Estimation geometrique d'images et bases de bandelettes orthogonales",
  author =	"E. LePennec and C. Dossal and G. Peyr{\'e}",
  booktitle =	"Gretsi'07",
  year = 	"2007",
  url = {http://hal.archives-ouvertes.fr/hal-00365965/},
}


@InProceedings{peyre-rfia-04,
  title =	"Remaillage geodesique par propagation de fronts",
  author =	"G. Peyr{\'e} and L. D. Cohen",
  booktitle =	"RFIA'04",
  year = 	"2004",
  url = {http://hal.archives-ouvertes.fr/hal-00365970/},
}
