
%%% Livres %%%

@BOOK{peyre-adtf,
	author =	  "G. Peyr{\'e}",
	title = "L'algebre discr{\`e}te de la transform{\'e}e de Fourier",
	publisher  = "editions Ellipses Marketing",
	isbn = "2-7298-1867-7",
	year = "2004",
	url = {https://www.ceremade.dauphine.fr/~peyre/adtf/}
}

@BOOK{peyre-objagr,
	author =	  "V. Beck and J. Malick and G. Peyr{\'e}",
	title = "Objectif Agr{\'e}gation, 2e {\'e}dition",
	publisher  = "editions H et K",
	year = "2004",
	isbn =  "2-9140-10-58-3",
	url = {http://www.h-k.fr/publications/objectif-agregation/},
}
