%%%%%%% BOOK CHAPTERS %%%%%%

@INBOOK{2014-vaiter-ps-review,
    title = "Low Complexity Regularization of Linear Inverse Problems",
   	author = "S. Vaiter and G. Peyr{\'e} and J. Fadili",
   	chapter = "Sampling Theory, a Renaissance",
	publisher  = "Springer-Birkh\"auser",
	editor = "G\"otz Pfander",
     year = "2015",
     url = {http://hal.archives-ouvertes.fr/hal-01018927},
}

@INBOOK{peyre-images-maths-11,
  	title =	"Le traitement num{\'e}rique des images",
	author =	  "G. Peyr{\'e}",
	chapter = "Images des math{\'e}matiques",
	publisher  = "CNRS",
	year = "2011",
	comment={<a href="http://images.math.cnrs.fr/Le-traitement-numerique-des-images.html">web</a>},
	url = {http://hal.archives-ouvertes.fr/hal-00690096/},
}

@INBOOK{peyre-matapli-11,
  	title =	"Un exploration numerique du traitement des signaux, des images et des surfaces",
	author =	  "G. Peyr{\'e}",
	chapter = "MATAPLI",
	publisher  = "SMAI",
	year = "2011",
	volume = 94,
	pages = "41--64",
	url = {http://hal.archives-ouvertes.fr/hal-00558668/},
}


@INBOOK{peyre-springer-08,
  	title =	"Geodesic Methods for Shape and Surface Processing",
	author =	  "G. Peyr{\'e} and L. D. Cohen",
	chapter = "Advances in Computational Vision and Medical Image Processing: Methods and Applications",
	publisher  = "Springer",
	year = "2008",
	volume = 13,
	pages = "29-56",
	url = {http://hal.archives-ouvertes.fr/hal-00365899/},
}

@INBOOK{peyre-springer-05,
  title =	"Geodesic Computations for Fast and Accurate Surface Remeshing and Parameterization",
	author =	  "G. Peyr{\'e} and L. D. Cohen",
	chapter = "Progress in Nonlinear Differential Equations and Their Applications",
	publisher  = "Springer",
	volume = "63",
	pages = "157-171",
	year = "2005",
	url = {http://hal.archives-ouvertes.fr/hal-00365900/},
}

@INBOOK{peyre-smf-06,
  title =	"Traitement geometrique des images par bandelettes",
	author =	  "S. Mallat and G. Peyr{\'e}",
	chapter = "Journee annuelle de la SMF",
	publisher  = "SMF",
	month = "june",
	page = "39-67",
	year = "2006",
	url = {http://hal.archives-ouvertes.fr/hal-00365901/},
}
