%%%%%%%%%%%%%%%%%%%%%%%%% ARTICLES %%%%%%%%%%%%%%%%%%%%%%%%

%%%%%%%%%%%%%%%%%%%%%%%%%%%%%%%%%%%%%%%%%%%%%%%%%%%%%%%%%%%%%%%%%%%%
%%%%%%%%%%%%%%%%%%%%%%%%%%%%%%% 2016 %%%%%%%%%%%%%%%%%%%%%%%%%%%%%%%
%%%%%%%%%%%%%%%%%%%%%%%%%%%%%%%%%%%%%%%%%%%%%%%%%%%%%%%%%%%%%%%%%%%%

%%%% TO APPEAR %%%%


@Article{2016-Liang-mathprog,
    title = "Convergence Rates with Inexact Non-expansive Operators",
    author = "J. Liang and J. Fadili and G. Peyr{\'e}",
    journal = "to appear in Mathematical Programming",
    volume  = "", 
    pages = "",
    doi={10.1007/s10107-015-0964-4},
     year = "2016",
     url = {http://arxiv.org/abs/1404.4837},
}

@Article{2016-solomon-gw,
    title = "Entropic Metric Alignment for Correspondence Problems",
    author = "J. Solomon and G. Peyr{\'e} and V. Kim and S. Sra",
	journal = "to appear in ACM Transactions on Graphics (Proc. SIGGRAPH 2016)",
    volume  = "", 
    pages = "", 
     year = "2016",
     doi = "10.1145/2897824.2925903", 
     url = {http://hal.archives-ouvertes.fr/hal-01305808},
}

@Article{2016-bonneel-barycoord,
    title = "Wasserstein Barycentric Coordinates: Histogram Regression Using Optimal Transport",
    author = "N. Bonneel and G. Peyr{\'e} and M. Cuturi",
	journal = "to appear in ACM Transactions on Graphics (Proc. SIGGRAPH 2016)",
    volume  = "", 
    pages = "",
	doi = "10.1145/2897824.2925918",
     year = "2016",
     url = {http://hal.archives-ouvertes.fr/hal-01303148},
}


@Article{2016-Vaiter-AISM,
    title = "The Degrees of Freedom of Partly Smooth Regularizers",
     author = "S. Vaiter and C. Deledalle and G. Peyr{\'e} and J. Fadili and C. Dossal",
     journal = "to appear in Annals of the Institute of Statistical Mathematics",
    volume  = "", 
    pages = "", 
     year = "2016",
     url = {http://hal.archives-ouvertes.fr/hal-00981634},
}


%%%% PUBLISHED %%%%


@Article{2016-charpiat-ifb,
    title = "Finsler Steepest Descent with Applications to Piecewise-regular Curve Evolution",
    author = "G. Charpiat and G. Nardi and G. Peyr{\'e} and  F-X. Vialard",
    journal = "Interfaces and Free Boundaries", 
    volume  = 18, 
    number =  1, 
    pages = "1--44",
    doi = "10.4171/IFB/355", 
     year = "2016",
     url = {http://hal.archives-ouvertes.fr/hal-00849885/},
}

@Article{2016-Perronnet-jneurometh,
    title = "An automated workflow for the anatomo-functional mapping of the barrel cortex",
    author = "L. Perronnet and M.E. Vilarchao and G. Hucher and D.E. Shulz and G. Peyr{\'e} and I. Ferezou",
          journal = "Journal of Neuroscience Methods",
          volume = 263, 
          number = 1, 
          pages = "145--154", 
          doi = "10.1016/j.jneumeth.2015.09.008", 
     year = "2016",
     url = {http://hal.archives-ouvertes.fr/hal-01196436},
}


@Article{2016-Cuturi-siims,
    title = "A Smoothed Dual Approach for Variational Wasserstein Problems",
    author = "M. Cuturi and G. Peyr{\'e}",
	  journal = {SIAM Journal on Imaging Sciences},
     year = "2016",
     volume = 9, 
     number =  1,
     pages = "320--343", 
     url = {http://arxiv.org/abs/1503.02533},
}

@Article{2016-bleyer-m2an,
    title = "A Gamma-Convergence Result for the Upper Bound Limit Analysis of Plates",
    author = "J. Bleyer and G. Carlier and V. Duval and J-M. Mirebeau and G. Peyr{\'e}",
     journal = "ESAIM: Mathematical Modelling and Numerical Analysis",
 volume = "50", 
 number = "1", 
 pages = "215--235",
 	doi = "10.1051/m2an/2015040",
     year = "2016",
     url = {http://hal.inria.fr/hal-01069919},
}


@Article{2016-nardi-siims,
    title = "Geodesics on Shape Spaces with Bounded Variation and Sobolev Metrics",
     author = "G. Nardi and G. Peyr{\'e} and  F-X. Vialard",
	  journal = {SIAM Journal on Imaging Sciences},
	  volume = 9,
	  number = 1, 
	  pages = "238--274", 
     year = "2016",
     url = {http://hal.archives-ouvertes.fr/hal-00952672/},
}


@Article{2016-Raguet-jneurometh,
    title = "Spatially Structured Sparse Morphological Component Separation for Voltage-Sensitive Dye Optical Imaging",
    author = "H. Raguet and C. Monier and L. Foubert and I. Ferezou and Y. Fregnac and G. Peyr{\'e}",
    journal = "Journal of Neuroscience Methods",
    year = "2016",
     Volume = 257, 
     pages = "76--96", 
     doi = "10.1016/j.jneumeth.2015.09.024", 
     url = {http://hal.archives-ouvertes.fr/hal-01200646},
}


%%%%%%%%%%%%%%%%%%%%%%%%%%%%%%%%%%%%%%%%%%%%%%%%%%%%%%%%%%%%%%%%%%%%
%%%%%%%%%%%%%%%%%%%%%%%%%%%%%%% 2015 %%%%%%%%%%%%%%%%%%%%%%%%%%%%%%%
%%%%%%%%%%%%%%%%%%%%%%%%%%%%%%%%%%%%%%%%%%%%%%%%%%%%%%%%%%%%%%%%%%%%


@Article{2015-Peyre-siims,
  author = {G. Peyr{\'e}},
  title = {Entropic Approximation of {Wasserstein} Gradient Flows},
  year = {2015},
  journal = {SIAM Journal on Imaging Sciences},
  volume = 8, 
  number = 4, 
  pages = "2323--2351", 
  doi = "10.1137/15M1010087", 
  url = {http://arxiv.org/abs/1502.06216}
}

@Article{2015-solomon-siggraph,
    title = "Convolutional Wasserstein Distances: Efficient Optimal Transportation on Geometric Domains",
    author = "J. Solomon and F. de Goes and G. Peyr{\'e} and M. Cuturi and A. Butscher and A. Nguyen and T. Du and L. Guibas",
	journal = "ACM Transactions on Graphics (Proc. SIGGRAPH 2015)",
	volume = 34, 
	number = 4, 
	pages = "66:1--66:11", 
     year = "2015",
     url = {http://hal.archives-ouvertes.fr/hal-01188953},
}


@Article{2015-benamou-cisc,
    title = "Iterative {Bregman} Projections for Regularized Transportation Problems",
    author = "J-D. Benamou and G. Carlier and M. Cuturi and L. Nenna and G. Peyr{\'e}",
	journal = "SIAM Journal on Scientific Computing",
 	 volume = "37",
	 number = 2,
     pages = "A1111--A1138", 
     year = "2015",
     doi = "10.1137/141000439", 
     url = {http://hal.archives-ouvertes.fr/hal-01096124},
}

@Article{2015-vaiter-iai,
    title = "Model Selection with Low Complexity Priors",
    author = "S. Vaiter and M. Golbabaee and J. Fadili and G. Peyr{\'e}",
     journal = "Information and Inference",
     volume = "4",
     number = 3,  
     pages = "230--287",
     doi = "10.1093/imaiai/iav005",
     year = "2015",
     url = {http://hal.archives-ouvertes.fr/hal-00842603/},
}

@Article{2015-tartavel-jmiv,
    title = "Variational Texture Synthesis with Sparsity and Spectrum Constraints",
    author = "G. Tartavel and Y. Gousseau and G. Peyr{\'e}",
     journal = "Journal of Mathematical Imaging and Vision",
     volume = "52",
     number = 1, 
     pages = "124--144", 
     doi = "10.1007/s10851-014-0547-7",
     year = "2015",
     url = {http://hal.archives-ouvertes.fr/hal-00881847/},
}

@Article{2015-duval-focm,
    title = "Exact Support Recovery for Sparse Spikes Deconvolution",
   	author = "V. Duval and G. Peyr{\'e}",
	journal = "Foundations of Computational Mathematics",	
  volume = "15",
  number = 5, 
  pages = "1315--1355", 
  doi = "10.1007/s10208-014-9228-6",
     year = "2015",
     url = {http://hal.archives-ouvertes.fr/hal-00839635/},
}

@Article{2015-bonneel-siims,
    title = "Sliced and Radon Wasserstein Barycenters of Measures",
    author = "N. Bonneel and J. Rabin and G. Peyr{\'e} and H. Pfister",
  journal = "Journal of Mathematical Imaging and Vision",
  doi = "10.1007/s10851-014-0506-3",
  volume = 51,
  number = 1,
  pages = "22--45",
     year = "2015",
     url = {http://hal.archives-ouvertes.fr/hal-00881872/},
}

%%%%%%%%%%%%%%%%%%%%%%%%%%%%%%%%%%%%%%%%%%%%%%%%%%%%%%%%%%%%%%%%%%%%
%%%%%%%%%%%%%%%%%%%%%%%%%%%%%%% 2014 %%%%%%%%%%%%%%%%%%%%%%%%%%%%%%%
%%%%%%%%%%%%%%%%%%%%%%%%%%%%%%%%%%%%%%%%%%%%%%%%%%%%%%%%%%%%%%%%%%%%

@Article{2014-deledalle-siims,
    title = "Stein Unbiased GrAdient estimator of the Risk (SUGAR) for multiple parameter selection",
    author = "C. Deledalle and S. Vaiter and G. Peyr{\'e} and J. Fadili",
     journal = "SIAM Journal on Imaging Sciences",
     doi = "10.1137/140968045",
     volume = 7,
     number = 4,
     pages = "2448--2487",
     year = "2014",
     url = {http://hal.archives-ouvertes.fr/hal-00987295},
}

@Article{2014-ferradans-siims,
    title = "Regularized Discrete Optimal Transport",
   	author = "S. Ferradans and N. Papadakis and G. Peyr{\'e} and J-F. Aujol",
     journal = "SIAM Journal on Imaging Sciences",
     volume = 7,
     number = 3,
     doi = "10.1137/130929886",
     pages = "1853--1882",
     year = "2014",
     url = {http://arxiv.org/abs/1307.5551/},
}

@Article{2014-xia-siims,
    title = "Synthesizing and Mixing Stationary Gaussian Texture Models",
   	author = "G-S. Xia and S. Ferradans and G. Peyr{\'e} and J-F. Aujol",
     journal = "SIAM Journal on Imaging Sciences",
     year = "2014",
	volume = 7,
	number = 1,
	pages = "476--508",
	doi = "10.1137/130918010",
     url = {http://hal.archives-ouvertes.fr/hal-00816342/},
}

@Article{2014-papadakis-siims,
    title = "Optimal Transport with Proximal Splitting",
   	author = "N. Papadakis and G. Peyr{\'e} and E. Oudet",
	journal = "SIAM Journal on Imaging Sciences",
	volume = 7,
	number = 1,
	pages =  "212--238",
	doi = "10.1137/130920058",
     year = "2014",
     url = {http://hal.archives-ouvertes.fr/hal-00816211/},
	comment = {<a href='https://github.com/gpeyre/2013-SIIMS-ot-splitting'>code</a>},
}


%%%%%%%%%%%%%%%%%%%%%%%%%%%%%%%%%%%%%%%%%%%%%%%%%%%%%%%%%%%%%%%%%%%%
%%%%%%%%%%%%%%%%%%%%%%%%%%%%%%% 2013 %%%%%%%%%%%%%%%%%%%%%%%%%%%%%%%
%%%%%%%%%%%%%%%%%%%%%%%%%%%%%%%%%%%%%%%%%%%%%%%%%%%%%%%%%%%%%%%%%%%%

@Article{2013-alquier-ip,
    title = "Adaptive estimation of the density matrix in quantum homodyne tomography with noisy data",
   	author = "P. Alquier and K. Meziani and G. Peyr{\'e}",
     journal = "Inverse Problems",
	doi = "doi:10.1088/0266-5611/29/7/075017",
	 volume = 29,
	 number = 7,
	pages = 075017,
     year = "2013",
     url = {http://arxiv.org/abs/1301.7644},
	comment = {<a href='https://github.com/gpeyre/2012-IP-stats-quantic'>code</a>},
}

@Article{2013-raguet-siims,
    title = "A Generalized Forward-Backward Splitting",
   	author = "H. Raguet and J. Fadili and G. Peyr{\'e}",
     journal = "SIAM Journal on Imaging Sciences",
     year = "2013",
	volume = 6,
	number = 3,
	pages = "1199--1226",
	doi = "10.1137/120872802",
     url = {http://hal.archives-ouvertes.fr/hal-00613637/},
	comment = {<a href='https://www.ceremade.dauphine.fr/~raguet/gfb/PaperRessources.tar.gz'>code</a>},
}

@Article{2013-elder-imvis,
    title = "On Growth and Formlets: Sparse Multi-Scale Coding of Planar Shape",
   author = "J. Elder and T. Oleskiw and A. Yakubovich and G. Peyr{\'e}",
     journal = "Image and Vision Computing",
     year = 2013,
     volume = 31,
     number =  1,
     pages = "1--13",
	doi = "10.1016/j.imavis.2012.11.002",
     url = {http://hal.archives-ouvertes.fr/hal-00943838/},
}

@Article{2013-vaiter-info,
    title = "Robust Sparse Analysis Regularization",
   	author = "S. Vaiter and G. Peyr{\'e} and C. Dossal and J. Fadili",
     journal = "IEEE Transactions on Information Theory",
    volume = 59,
    number = 4,
     year = "2013",
    pages = "2001--2016",
     doi = "10.1109/TIT.2012.2233859",
     url = {http://hal.archives-ouvertes.fr/hal-00627452/},
}


@Article{2013-vaiter-acha,
    title = "Local Behavior of Sparse Analysis Regularization: Applications to Risk Estimation",
   	author = "S. Vaiter and C. Deledalle and G. Peyr{\'e} and J. Fadili and C. Dossal",
     journal = "Applied and Computational Harmonic Analysis",
	volume = 35,
	number = 3,
	doi = "10.1016/j.acha.2012.11.006",
     year = "2013",
	pages = "433--451",
     url = {http://hal.archives-ouvertes.fr/hal-00687751/},
	comment = {<a href='https://github.com/svaiter/robust_sparse_analysis_regularization'>code</a>},
}


@Article{2013-kachour-statsinica,
    title = "The degrees of freedom of penalized l1 minimization",
   	author = "C. Dossal and M. Kachour and  J. Fadili and G. Peyr{\'e} and C. Chesneau",
	journal = "Statistica Sinica",
	volume = 23,
	number = 2,
	doi = "doi:10.5705/ss.2011.281",
	pages = "809--828",
     year = "2013",
     url = {http://hal.archives-ouvertes.fr/hal-00638417},
}


%%%%%%%%%%%%%%%%%%%%%%%%%%%%%%%%%%%%%%%%%%%%%%%%%%%%%%%%%%%%%%%%%%%%
%%%%%%%%%%%%%%%%%%%%%%%%%%%%%%% 2012 %%%%%%%%%%%%%%%%%%%%%%%%%%%%%%%
%%%%%%%%%%%%%%%%%%%%%%%%%%%%%%%%%%%%%%%%%%%%%%%%%%%%%%%%%%%%%%%%%%%%

@Article{2012-jung-siims,
    title = "Nonlocal Active Contours",
   	author = "M. Jung and G. Peyr{\'e} and L. D. Cohen",
     journal = "SIAM Journal on Imaging Sciences",
	volume = 5,
	number = 3,
	doi = "10.1137/11085863X",
     year = "2012",
	pages = "1022--1054",
     url = {http://hal.archives-ouvertes.fr/hal-00650735},
	comment = {<a href='https://github.com/gpeyre/2012-SIIMS-nl-ac'>code</a>},
}

@Article{2012-dossal-acha,
    title = "Sharp Support Recovery from Noisy Random Measurements by L1 minimization",
   author = "C. Dossal and M.L. Chabanol and G. Peyr{\'e} and J. Fadili",
   journal = "Applied and Computational Harmonic Analysis",
   doi = "10.1016/j.acha.2011.09.003",
	volume = 33,
	number =  1,
     year = "2012",
	pages = "24--43",
     url = {http://hal.archives-ouvertes.fr/hal-00553670/},
	gsid = "9251743734444828499",
	comment = {<a href='https://github.com/gpeyre/2011-ACHA-support-ident'>code</a>},
}


%%%%%%%%%%%%%%%%%%%%%%%%%%%%%%%%%%%%%%%%%%%%%%%%%%%%%%%%%%%%%%%%%%%%
%%%%%%%%%%%%%%%%%%%%%%%%%%%%%%% 2011 %%%%%%%%%%%%%%%%%%%%%%%%%%%%%%%
%%%%%%%%%%%%%%%%%%%%%%%%%%%%%%%%%%%%%%%%%%%%%%%%%%%%%%%%%%%%%%%%%%%%


@Article{2011-peyre-cise,
    title = "The Numerical Tours of Signal Processing - Advanced Computational Signal and Image Processing",
   author = "G. Peyr{\'e}",
     journal = "IEEE Computing in Science and Engineering",
     volume =  13,
     number =  4,
     pages =  "94--97",
     year = "2011",
     doi = "doi:10.1109/MCSE.2011.71",
     url = {http://hal.archives-ouvertes.fr/hal-00519521/},
	gsid = "3235664280642545994",
}


@Article{2011-jacques-sigpro,
    title = "A Panorama on Multiscale Geometric Representations, Intertwining Spatial, Directional and Frequency Selectivity",
   author = "L. Jacques and  L. Duval and C. Chaux and G. Peyr{\'e}",
     journal = "Signal Processing",
     volume = 91,
     number = 12,
     pages = "2699--273",
     year = "2011",
     doi = "doi:10.1016/j.sigpro.2011.04.025",
     url = {http://hal.archives-ouvertes.fr/hal-00588381/},
	gsid = "4586336503752261452",
}

@Article{peyre-ipi-11,
    title = "Non-local Regularization of Inverse Problems",
   author = "G. Peyr{\'e} and S. Bougleux and L. D. Cohen",
     journal = "Inverse Problems and Imaging",
     volume = 5,
     number = 2,
     pages = "511--530",
     year = "2011",
     doi = "doi:10.3934/ipi.2011.5.511",
     url = {http://hal.archives-ouvertes.fr/hal-00419791/},
	gsid = "18099117063520829579",
}


@Article{peyre-ieee-stsp-11,
    title = "A Review of Adaptive Image Representations",
   author = "G. Peyr{\'e}",
     journal = "IEEE Journal of Selected Topics in Signal Processing",
     doi = "doi:10.1109/JSTSP.2011.2120592",
     volume = 5,
     number = 5,
     pages = "896--911",
     year = "2011",
     url = {http://hal.archives-ouvertes.fr/hal-00519525/},
	gsid = "17604956577557132793",
}

@Article{ion-cviu-11,
    title = "Matching 2D and 3D Articulated Shapes Using the Eccentricity Transform",
   author = "A. Ion and N. M. Artner and G. Peyr{\'e} and W. G. Kropatsch and L. D. Cohen",
     journal = "Computer Vision and Image Understanding",
     volume = 115,
     number = 6,
     year = "2011",
     doi = "doi:10.1016/j.cviu.2011.02.006",
     pages = "817--834",
     url = {http://hal.archives-ouvertes.fr/hal-00365019/},
	gsid = "6889377486958074967",
}

@Article{maurel-siims-11,
    title = "Locally Parallel Texture Modeling",
   author = "P. Maurel and J-F. Aujol and G. Peyr{\'e}",
     journal = "SIAM Journal on Imaging Sciences",
     volume =  4,
     number = 1,
     pages = "413--447",
     year = "2011",
     doi = "doi:10.1137/090770795",
     url = {http://hal.archives-ouvertes.fr/hal-00415779/},
	gsid = "16449634653463448259",
	comment = {<a href='https://github.com/gpeyre/2011-SIIMS-tv-hilbert'>code</a>},
}

@ARTICLE{carlier-m3as-11,
    title = "A Projection Approach to the Numerical Analysis of Limit Load Problems",
   author = "G. Carlier and M. Comte and I. Ionescu and G. Peyr{\'e}",
     journal = "Mathematical Models and Methods in Applied Sciences",
     doi = "doi:10.1142/S0218202511005325",
     volume =  21,
     number =  6,
	pages = "1291--1316",
     year = "2011",
     url = {http://hal.archives-ouvertes.fr/hal-00450000/},
	gsid = "11493303856174971474",
}

@ARTICLE{demanet-focm-11-cwc,
    title = "Compressive Wave Computation",
   author = "L. Demanet and G. Peyr{\'e}",
     journal = "Foundations of Computational Mathematics",
     year = "2011",
     volume = 11,
     number = 3,
     pages = "257--303",
     doi = "doi:10.1007/s10208-011-9085-5",
     url = {http://hal.archives-ouvertes.fr/hal-00368919/},
	gsid = "12731546827388907864",
	comment = {<a href='https://github.com/gpeyre/2011-FOCM-cwc'>code</a>},
}


%%%%%%%%%%%%%%%%%%%%%%%%%%%%%%%%%%%%%%%%%%%%%%%%%%%%%%%%%%%%%%%%%%%%
%%%%%%%%%%%%%%%%%%%%%%%%%%%%%%% 2010 %%%%%%%%%%%%%%%%%%%%%%%%%%%%%%%
%%%%%%%%%%%%%%%%%%%%%%%%%%%%%%%%%%%%%%%%%%%%%%%%%%%%%%%%%%%%%%%%%%%%

@Article{peyre-fnt-10,
  author =	"G. Peyr{\'e} and M. Pechaud and R. Keriven and L.D. Cohen",
  title =	"Geodesic Methods in Computer Vision and Graphics",
  journal =	"Foundations and Trends in Computer Graphics and Vision",
  volume = 5,
  number = "3-4",
  pages = "197--397",
  year = 	"2010",
  doi = "doi:10.1561/0600000029",
  url = {http://hal.archives-ouvertes.fr/hal-00528999/},
	gsid = "9890001344571390404",
}

@ARTICLE{fadili-tip-10-tv,
    title = "Total Variation Projection with First Order Schemes",
   author = "J. Fadili and G. Peyr{\'e}",
     journal = "IEEE Transactions on Image Processing",
     year = "2011",
     volume = 20,
     number = 3,
     pages =  "657--669",
     doi = "doi:10.1109/TIP.2010.2072512",
     url = {http://hal.archives-ouvertes.fr/hal-00380491/},
     comment = {<a href='https://github.com/gpeyre/2011-TIP-tv-projection'>code</a>},
	gsid = "12708709161842580706",
}



@ARTICLE{peyre-siims-10-mcalearned,
    title = "Learning the Morphological Diversity",
   author = "G. Peyr{\'e} and J. Fadili and J-L. Starck",
     journal = "SIAM Journal on Imaging Sciences",
     volume = 3,
     number = 3,
     pages = "646--669",
     year = "2010",
     doi = {doi:10.1137/090770783},
     url = {http://hal.archives-ouvertes.fr/hal-00415782/},
	gsid = "6554181007477159427",
}

@ARTICLE{benmansour-numerishe-10-fmderivative,
    title = "Derivatives with Respect to Metrics and Applications: Subgradient Marching Algorithm",
   author = "F. Benmansour and G. Carlier and G. Peyr{\'e} and F. Santambrogio",
     journal = "Numerische Mathematik",
     volume = 116,
     number = 3,
     pages = "357--381",
     doi = "doi:10.1007/s00211-010-0305-8",
     year = "2010",
     url = {http://hal.archives-ouvertes.fr/hal-00360794/},
	gsid = "14330172305106197821",
	comment = {<a href='https://github.com/gpeyre/2010-Numerische-SubGrad'>code</a>},
}


@ARTICLE{peyre-tsp-10-bestbasis-cs,
    title = "Best Basis Compressed Sensing",
   author = "G. Peyr{\'e}",
     journal = "IEEE Transaction on Signal Processing",
     volume = 58,
     number = 5,
     pages = "2613--2622",
	ISSN = "1053-587X",
	doi = "doi:0.1109/TSP.2010.2042490",
     year = "2010",
     url = {http://hal.archives-ouvertes.fr/hal-00365017/},
	gsid = "10634801382086092836",
}


%%%%%%%%%%%%%%%%%%%%%%%%%%%%%%%%%%%%%%%%%%%%%%%%%%%%%%%%%%%%%%%%%%%%
%%%%%%%%%%%%%%%%%%%%%%%%%%%%%%% 2009 %%%%%%%%%%%%%%%%%%%%%%%%%%%%%%%
%%%%%%%%%%%%%%%%%%%%%%%%%%%%%%%%%%%%%%%%%%%%%%%%%%%%%%%%%%%%%%%%%%%%

@ARTICLE{dossal-laa-09,
    title = "A Numerical Exploration of Compressed Sampling Recovery",
   author = "C. Dossal and G. Peyr{\'e} and J. Fadili",
     journal = "Linear Algebra and Applications",
     volume = 432,
     number =  7,
     pages = "1663--1679",
     year = 2010,
     url = {http://hal.archives-ouvertes.fr/hal-00402455/},
     doi = "doi:10.1016/j.laa.2009.11.022",
     comment = {<a href="https://github.com/gpeyre/2010-LAA-numerical-cs">code</a>},
	gsid = "17145853187383238403",
}

@ARTICLE{benmansour-nem-09,
    title = "Numerical Approximation of Continuous Traffic Congestion Equilibria",
   author = "F. Benmansour and G. Carlier and G. Peyr{\'e} and F. Santambrogio",
     journal = "Networks and Eterogeneous Media",
     number = 4,
     volume = 3,
     pages = "605--623",
     year = "2009",
     doi = "doi:10.3934/nhm.2009.4.605",
     url = {http://hal.archives-ouvertes.fr/hal-00360796/},
     doi = "10.3934/nhm.2009.4.605",
	gsid = "9581233403285252268",
}

@ARTICLE{peyre-pami-09,
    title = "Texture Synthesis with Grouplets",
   author = "G. Peyr{\'e}",
     journal = "IEEE Transactions on Pattern Analysis and Machine Intelligence",
     number = 32,
     volume = 4,
     pages = "733--746",
     year = "2010",
     doi = "doi:10.1109/TPAMI.2009.54",
     url = {http://hal.archives-ouvertes.fr/hal-00360795/},
	gsid = "7761058470988555269",
}

@Article{peyre-cviu-09,
  author =	"G. Peyr{\'e}",
  title =	"Manifold models for signals and images",
  journal =	"Computer Vision and Image Understanding",
  volume =	"113",
  year = 	"2009",
  number =	"2",
  month =	feb,
  pages =	"249--260",
  ISSN = "1077-3142",
  doi = "doi:10.1016/j.cviu.2008.09.003",
   url = {http://hal.archives-ouvertes.fr/hal-00359729/},
	gsid = "8054070209600495959",
}

@Article{peyre-jmiv-09,
  title =	"Sparse Modeling of Textures",
  author =	"G. Peyr{\'e}",
  journal =	"Journal of Mathematical Imaging and Vision",
  volume =  34,
  number = 1,
  pages = "17--31",
  year = 	"2009",
  doi = "doi:10.1007/s10851-008-0120-3",
   url = {http://hal.archives-ouvertes.fr/hal-00359747/},
	gsid = "14067007630058898349",
}

@Article{carlier-m2an-09,
  title =	"Approximation of Maximal Cheeger Sets by Projection",
  author =	"G. Carlier and M. Comte and G. Peyr{\'e}",
  journal =	"ESAIM: Mathematical Modelling and Numerical Analysis",
  volume =	"43",
  number =	"1",
  pages =	"131--150",
  year = 	"2009",
  doi = "10.1051/m2an/2008040",
   url = {http://hal.archives-ouvertes.fr/hal-00359736/},
   comment = {<a href="https://github.com/gpeyre/2009-M3AN-cheeger">code</a>},
	gsid = "6548036059914491416",
}


%%%%%%%%%%%%%%%%%%%%%%%%%%%%%%%%%%%%%%%%%%%%%%%%%%%%%%%%%%%%%%%%%%%%
%%%%%%%%%%%%%%%%%%%%%%%%%%%%%%% 2008 %%%%%%%%%%%%%%%%%%%%%%%%%%%%%%%
%%%%%%%%%%%%%%%%%%%%%%%%%%%%%%%%%%%%%%%%%%%%%%%%%%%%%%%%%%%%%%%%%%%%

@Article{peyre-mms-08,
  title =	"Image Processing with Non-local Spectral Bases",
  author =	"G. Peyr{\'e}",
  journal =	"SIAM Multiscale Modeling and Simulation",
  volume =	"7",
  number =	"2",
  pages =	"703--730",
  year = 	"2008",
  doi = "doi:10.1137/07068881X",
   url = {http://hal.archives-ouvertes.fr/hal-00359721/},
	gsid = "18426407435858759178",

}

@Article{peyre-ijcvb-08,
  title =	"Heuristically Driven Front Propagation for Fast Geodesic Extraction",
  author =	"G. Peyr{\'e} and L. D. Cohen",
  journal =	"International Journal for Computational Vision and Biomechanics",
  volume =	"1",
  number =	"1",
  pages =	"55--67",
  year = 	"2008",
   url = {http://hal.archives-ouvertes.fr/hal-00365292/},
	gsid = "12381937849215676529",
}

@Article{peyre-cpam-08,
  title =	"Orthogonal Bandlet Bases for Geometric Images Approximation",
  author =	"S. Mallat and G. Peyr{\'e}",
  journal =	"Communications on Pure and Applied Mathematics",
  volume =	"61",
  number =	"9",
  pages =	"1173--1212",
  year = 	"2008",
  doi = "0.1002/cpa.20242",
   url = {http://hal.archives-ouvertes.fr/hal-00359740/},
   comment = {<a http://www.ceremade.dauphine.fr/~peyre/bandelets/>homepage</a>},
	gsid = "9497738828852632481",
}


%%%%%%%%%%%%%%%%%%%%%%%%%%%%%%%%%%%%%%%%%%%%%%%%%%%%%%%%%%%%%%%%%%%%
%%%%%%%%%%%%%%%%%%%%%%%%%%%%%%% 2007 %%%%%%%%%%%%%%%%%%%%%%%%%%%%%%%
%%%%%%%%%%%%%%%%%%%%%%%%%%%%%%%%%%%%%%%%%%%%%%%%%%%%%%%%%%%%%%%%%%%%


@Article{peyre-numeralgo-07,
  title =	"A review of Bandlet methods for geometrical image representation",
  author =	"S. Mallat and G. Peyr{\'e}",
  journal =	"Numerical Algorithms",
  year = 	"2007",
  number =	"3",
  volume =	"44",
  pages =	"205--234",
  doi = "10.1007/s11075-007-9092-4",
   url = {http://hal.archives-ouvertes.fr/hal-00359744/},
	gsid = "1779005635185002763",
}


%%%%%%%%%%%%%%%%%%%%%%%%%%%%%%%%%%%%%%%%%%%%%%%%%%%%%%%%%%%%%%%%%%%%
%%%%%%%%%%%%%%%%%%%%%%%%%%%%%%% 2006 %%%%%%%%%%%%%%%%%%%%%%%%%%%%%%%
%%%%%%%%%%%%%%%%%%%%%%%%%%%%%%%%%%%%%%%%%%%%%%%%%%%%%%%%%%%%%%%%%%%%


@article{peyre-ijcv-06,
 author = {G. Peyr{\'e} and L. D. Cohen},
 title = {Geodesic Remeshing Using Front Propagation},
 journal = {International Journal of Computer Vision},
 volume = {69},
 number = {1},
 year = {2006},
 pages = {145--156},
 publisher = {Kluwer Academic Publishers},
 address = {Hingham, MA, USA},
  url = {http://hal.archives-ouvertes.fr/hal-00359719/},
  doi = 	"doi:10.1007/s11263-006-6859-3",
  comment = {<a href="http://www.ceremade.dauphine.fr/~peyre/geodesic_computations/">homepage</a>},
	gsid = "3728066441396073458",
 }


%%%%%%%%%%%%%%%%%%%%%%%%%%%%%%%%%%%%%%%%%%%%%%%%%%%%%%%%%%%%%%%%%%%%
%%%%%%%%%%%%%%%%%%%%%%%%%%%%%%% 2005 %%%%%%%%%%%%%%%%%%%%%%%%%%%%%%%
%%%%%%%%%%%%%%%%%%%%%%%%%%%%%%%%%%%%%%%%%%%%%%%%%%%%%%%%%%%%%%%%%%%%

 @Article{peyre-siggraph-05,
  author =	"G. Peyr{\'e} and S. Mallat",
  title =	"Surface compression with geometric bandelets",
  journal =	"ACM Transactions on Graphics (Proc. SIGGRAPH 2005)",
  volume =	"24",
  number =	"3",
  pages =	"601--608",
  month =	jul,
  year = 	"2005",
  ISSN = "0730-0301",
  doi = {doi:10.1145/1073204.1073236},
   url = {http://hal.archives-ouvertes.fr/hal-00360322/},
   comment = {<a href="http://www.ceremade.dauphine.fr/~peyre/bandelets/">homepage</a>},
	gsid = "11082717803413358106",
}
