%%%%%%%%%%%%%%%%%%%%%%%%% PREPRINTS %%%%%%%%%%%%%%%%%%%%%%%%

@TechReport{2019-Denoyelle-FW,
    title = "Universal Invariant and Equivariant Graph Neural Networks",
    author = "N. Keriven and G. Peyr{\'e}",
     institution = "Arxiv",
     number = "1905.04943",
     type = "Preprint",
     year = "2019",
     url = {http://arxiv.org/abs/1905.04943},
}



@TechReport{2018-Denoyelle-FW,
    title = "The Sliding Frank-Wolfe Algorithm and its Application to Super-Resolution Microscopy",
    author = "Q. Denoyelle and V. Duval and G. Peyr{\'e} and E. Soubies",
     institution = "HAL",
     number = "01921604",
     type = "Preprint",
     year = "2018",
     url = {https://hal.archives-ouvertes.fr/hal-01921604},
}


@TechReport{2018-Poon-Certifs,
    title = "A Dual Certificates Analysis of Compressive Off-the-Grid Recovery",
    author = "C. Poon and N. Keriven and G. Peyr{\'e}",
     institution = "Arxiv",
     number = "1802.08464",
     type = "Preprint",
     year = "2018",
     url = {https://arxiv.org/abs/1802.08464},
}


@TechReport{2017-Catala-LowRank,
    title = "A Low-Rank Approach to Off-The-Grid Sparse Deconvolution",
    author = "P. Catala and V. Duval and  G. Peyr{\'e}",
     institution = "Arxiv",
     number = "1712.08800",
     type = "Preprint",
     year = "2017",
     url = {http://arxiv.org/abs/1712.08800},
}





@TechReport{2017-Genevay-gan-vae,
    title = "{GAN} and {VAE} from an Optimal Transport Point of View",
    author = "A. Genevay and G. Peyr{\'e} and M. Cuturi",
     institution = "Arxiv",
     number = "1706.01807",
     type = "Preprint",
     year = "2017",
     url = {https://arxiv.org/abs/1706.01807},
}




