%%%%%%%%%%%%%%%%%%%%%%%%%%%%%%%%%%%%%%%%%%%%%%%%%%%%%%%%%%%%%%%%%%%
%%%%%%%%%%%%%%%%%%%%%%%%%%%%%%%%%%%%%%%%%%%%%%%%%%%%%%%%%%%%%%%%%%%
%%%%%%%%%%%%%%%%%%%%%%%%%%%%%%%%%%%%%%%%%%%%%%%%%%%%%%%%%%%%%%%%%%%
%%% Preprints %%%



@TechReport{2014-Bleyer-GammaConv,
    title = "A Gamma-Convergence Result for the Upper Bound Limit Analysis of Plates",
    author = "J. Bleyer and G. Carlier and V. Duval and J-M. Mirebeau and G. Peyr\'e}",
     institution = "Preprint arXiv:1410.0326",
     year = "2014",
     url = {http://hal.inria.fr/hal-01069919},
}

@TechReport{2014-Liang-Iteration,
    title = "Convergence Rates with Inexact Nonexpansive Operators",
    author = "J. Liang and J. Fadili and G. Peyr{\'e}",
     institution = "Preprint arXiv:1404.4837",
     year = "2014",
     url = {http://arxiv.org/abs/1404.4837},
}


@TechReport{2014-vaiter-ps-review,
    title = "Low Complexity Regularization of Linear Inverse Problems",
   	author = "S. Vaiter and G. Peyr{\'e} and J. Fadili",
     institution = "Preprint Hal-01018927",
     year = "2014", 
     url = {http://hal.archives-ouvertes.fr/hal-01018927},
}


@TechReport{2014-vaiter-ps-consistency,
    title = "Model Consistency of Partly Smooth Regularizers",
   	author = "S. Vaiter and G. Peyr{\'e} and J. Fadili",
     institution = "Preprint Hal-00987293",
     year = "2014", 
     url = {http://hal.archives-ouvertes.fr/hal-00987293},
}

@TechReport{2014-vaiter-ps-dof,
    title = "The Degrees of Freedom of Partly Smooth Regularizers",
   	author = "S. Vaiter and C. Deledalle and G. Peyr{\'e} and J. Fadili and C. Dossal",
     institution = "Preprint Hal-00981634",
     year = "2014", 
     url = {http://hal.archives-ouvertes.fr/hal-00981634},
}

@TechReport{2014-nardi-geodesics-bv2,
    title = "Geodesics on Shape Spaces with Bounded Variation and Sobolev Metrics",
   	author = "G. Nardi and G. Peyr{\'e} and  F-X. Vialard",
     institution = "Preprint hal-00952672",
     year = "2014",
     url = {http://hal.archives-ouvertes.fr/hal-00952672/},
}

@TechReport{2013-charpiat-finsler,
    title = "Finsler Steepest Descent with Applications to Piecewise-regular Curve Evolution",
    author = "G. Charpiat and G. Nardi and G. Peyr{\'e} and  F-X. Vialard",
     institution = "Preprint hal-00849885",
     year = "2013",
     url = {http://hal.archives-ouvertes.fr/hal-00849885/},
}


@TechReport{2013-vaiter-piecewiseregular,
    title = "Model Selection with Low Complexity Priors",
   	author = "S. Vaiter and M. Golbabaee and J. Fadili and G. Peyr{\'e}",
     institution = "Preprint hal-00842603",
     year = "2013",
     url = {http://hal.archives-ouvertes.fr/hal-00842603/},
}

{2012-vaiter-l1l2-dof,
    title = "The degrees of freedom of the Group Lasso for a General Design",
   	author = "S. Vaiter and C. Deledalle and G. Peyr{\'e} and J. Fadili and C. Dossal",
     institution = "Preprint Hal-00768896",
     year = "2012", 
     url = {http://hal.archives-ouvertes.fr/hal-00768896},
}

{peyre-preprint-vessels,
    title = "Extraction of Vessels Networks over an Orientation Domain",
   author = "M. Pechaud and G. Peyr{\'e} and R. Keriven",
     institution = "Preprint Hal-00365021",
     year = "2009",
     url = {http://hal.archives-ouvertes.fr/hal-00365021/},
}



