%%%%%%%%%%%%%%%%%%%%%%%%%%%%%%%%%%%%%%%%%%%%%%%%%%%%%%%%%%%%%%%%%%%
%%%%%%%%%%%%%%%%%%%%%%%%%%%%%%%%%%%%%%%%%%%%%%%%%%%%%%%%%%%%%%%%%%%
%%%%%%%%%%%%%%%%%%%%%%%%%%%%%%%%%%%%%%%%%%%%%%%%%%%%%%%%%%%%%%%%%%%
%%% Livres %%%

@BOOK{peyre-adtf,
	author =	  "G. Peyr{\'e}",  
	title = "L'algebre discrete de la transformee de Fourier", 
	publisher  = "editions Ellipses Marketing", 
	isbn = "2-7298-1867-7",
	year = "2004",
	url = {http://www.cmap.polytechnique.fr/~peyre/adtf/}
}

@BOOK{peyre-objagr,
	author =	  "V. Beck and J. Malick and G. Peyr{\'e}",  
	title = "Objectif Agregation, 2nd edition", 
	publisher  = "editions H et K,", 
	year = "2004",
	isbn =  "2-9140-10-58-3", 
	url = {http://www.h-k.fr/publications/objectif-agregation/},
}