
@STRING{hp_C.Dossal="http://www.math.u-bordeaux1.fr/%7edossal/"}
@STRING{hp_J.Fadili="http://www.greyc.ensicaen.fr/%7ejfadili/"}
@STRING{hp_H.Raguet="http://www.ceremade.dauphine.fr/%7eraguet/"}
@STRING{hp_G.Peyr&eacute;="http://www.ceremade.dauphine.fr/%7epeyre/"}
@STRING{hp_J.Rabin="https://sites.google.com/site/rabinjulien/"}
@STRING{hp_S.Vaiter="http://www.ceremade.dauphine.fr/%7evaiter/"} 
@STRING{hp_N.Schmidt="http://www.ceremade.dauphine.fr/%7eschmidt/"}
@STRING{hp_Y.Fregnac="http://www.unic.cnrs-gif.fr/people/Yves_Fr%C3%A9gnac/"}
@STRING{hp_J.Delon="http://perso.telecom-paristech.fr/%7edelon/Site/Home.html"}
@STRING{hp_M.Bernot="http://www.umpa.ens-lyon.fr/labo.php?login=mbernot"}
@STRING{hp_S.Bougleux="http://greyc.stlo.unicaen.fr/bougleux/"}
@STRING{hp_L.D.Cohen="http://www.ceremade.dauphine.fr/%7ecohen/"}
@STRING{hp_C.Chesneau="http://www.math.unicaen.fr/%7echesneau/"}
@STRING{hp_P.Maurel="http://www.normalesup.org/%7epmaurel/"}
@STRING{hp_J-F.Aujol="http://www.math.u-bordeaux1.fr/%7ejaujol/"}
@STRING{hp_M.Kachour="https://sites.google.com/site/maherkachourhomepage/home"}
@STRING{hp_M.Jung=""}
@STRING{hp_W.G.Kropatsch="http://www.prip.tuwien.ac.at/people/krw"}
@STRING{hp_A.Ion="http://www.prip.tuwien.ac.at/people/ion"}
@STRING{hp_M.L.Chabanol="http://www.math.u-bordeaux1.fr/%7echabanol/"}
@STRING{hp_G.Carlier="http://www.ceremade.dauphine.fr/%7ecarlier/"}
@STRING{hp_M.Comte="http://www.ann.jussieu.fr/%7ecomte/"}
@STRING{hp_I.Ionescu="http://www.lama.univ-savoie.fr/%7eionescu/"}
@STRING{hp_P.E.Roland="http://ki.se/ki/jsp/polopoly.jsp?d=6049&l=en"}
@STRING{hp_J.Elder="http://elderlab.yorku.ca/%7eelder/"}
@STRING{hp_R.Keriven="http://www.acute3d.com/"}
@STRING{hp_M.Pechaud="http://mickaelpechaud.free.fr/"}
@STRING{hp_F.Benmansour="http://cvlab.epfl.ch/%7efbenmans/"}
@STRING{hp_F.Santambrogio="http://www.math.u-psud.fr/%7esantambr/"}
@STRING{hp_N.Ouarti="http://nouarti.free.fr/"}
@STRING{hp_S.Mallat="http://www.cmap.polytechnique.fr/%7emallat/"}
@STRING{hp_E.LePennec="http://www.math.u-psud.fr/%7elepennec/"}
@STRING{hp_J-L.Starck="http://jstarck.free.fr/jstarck/Home.html"}
@STRING{hp_V.Beck="http://www.univ-orleans.fr/mapmo/membres/beck/index.html"}
@STRING{hp_J.Malick="http://www.inrialpes.fr/bipop/people/malick/"}
@STRING{hp_L.Demanet="http://math.mit.edu/icg/people/laurent.html"}
@STRING{hp_T.Oleskiw="http://www.oleskiw.ca/"}
@STRING{hp_A.Yakubovich="http://elderlab.yorku.ca/%7alex/"}
@STRING{hp_L.Jacques="http://www.tele.ucl.ac.be/member.php?id=169"}
@STRING{hp_L.Duval="http://www.laurent-duval.eu/"}
@STRING{hp_C.Chaux="http://www.latp.univ-mrs.fr/%7caroline.chaux/index.html"}
@STRING{hp_C.Deledalle="http://www.math.u-bordeaux1.fr/%7cdeledal/"}
@STRING{hp_S.ferradans="http://www.ceremade.dauphine.fr/%7sira/"}
@STRING{hp_G-S.Xia="http://perso.telecom-paristech.fr/%7exia/"}
@STRING{hp_N.Papadakis="https://sites.google.com/site/nicolaspapadakis/"}
@STRING{hp_G.Tartavel="http://perso.telecom-paristech.fr/%7tartavel/"}
@STRING{hp_Y.Gousseau="http://perso.telecom-paristech.fr/%7gousseau/"}
@STRING{hp_P.Alquier="http://alquier.ensae.net/"}
@STRING{hp_K.Meziani="http://www.dauphine.fr/fr/cv-enseignants/enseignants/cv/katia-meziani.html"}
@STRING{hp_J.Salmon="http://josephsalmon.eu/"}
@STRING{hp_E.Oudet="http://www-ljk.imag.fr/membres/Edouard.Oudet/"}
@STRING{hp_V.Duval="https://www.ceremade.dauphine.fr/%7duval/"}
@STRING{hp_M.Golbabaee="http://lts2www.epfl.ch/people/golbabaee/"}
@STRING{hp_G.Charpiat="http://www-sop.inria.fr/members/Guillaume.Charpiat/"}
@STRING{hp_F-X.Vialard="https://www.ceremade.dauphine.fr/%7vialard/"}
@STRING{hp_G.Nardi="https://www.ceremade.dauphine.fr/%7nardi/CNRS-CEREMADE.html"}
@STRING{hp_N.Bonneel="http://people.seas.harvard.edu/%7bonneel/"}
@STRING{hp_H.Pfister="http://vcg.seas.harvard.edu/"}
@STRING{hp_J.Bleyer="https://sites.google.com/site/bleyerjeremy/"}
@STRING{hp_J-M.Mirebeau="https://www.ceremade.dauphine.fr/~mirebeau"}
